@online{infineon-irs2004-datasheet,
  title = {Infineon IRS2004 Datasheet},
  author = {Infineon Technologies AG},
  url = {https://nl.mouser.com/datasheet/2/196/Infineon_IRS2004_DataSheet_v01_00_EN-3166653.pdf},
  year = {2024}
}
@online{stm32-base-board,
  title = {STM32F401CEU6 WeAct Black Pill V3.0},
  author = {STM32-Base},
  url = {https://stm32-base.org/boards/STM32F401CEU6-WeAct-Black-Pill-V3.0.html},
  year = {2024}
}
@online{infineon-irs2001-datasheet,
  title = {Infineon IRS2001 DataSheet},
  author = {Infineon Technologies AG},
  url = {https://www.infineon.com/dgdl/Infineon-IRS2001-DataSheet-v01_00-EN.pdf},
  year = {2024}
}
@online{infineon-ipp015n04nf2s-datasheet,
  title = {Infineon IPP015N04NF2S DataSheet},
  author = {Infineon Technologies AG},
  url = {https://www.infineon.com/dgdl/Infineon-IPP015N04NF2S-DataSheet-v02_00-EN.pdf},
  year = {2024}
}
@online{ti-tps62932-datasheet,
  title = {TI TPS62932 Datasheet},
  author = {Texas Instruments},
  url = {https://www.ti.com/lit/gpn/tps62932},
  year = {2024}
}
@online{reichelt-motor-datasheet,
  title = {Reichelt 42BLF03 Motor Datasheet},
  url = {https://www.reichelt.nl/index.html?ACTION=7&LA=3&OPEN=0&INDEX=0&FILENAME=C300%2F42BLF03.pdf},
  year = {2024}
}
@online{raspberrypi-3b,
  title = {Raspberry Pi 3 Model B},
  author = {Raspberry Pi Foundation},
  url = {https://www.raspberrypi.com/products/raspberry-pi-3-model-b/},
  year = {2024}
}
@online{sossolutions-7inch-touchscreen,
  title = {7-Inch Touchscreen voor de Raspberry Pi met DSI-aansluiting},
  url = {https://www.sossolutions.nl/7inch-touchscreen-voor-de-raspberry-pi-met-dsi-aansluiting},
  year = {2024}
}
@online{ti-ina181-q1,
  title = {TI INA181-Q1 Datasheet},
  author = {Texas Instruments},
  url = {https://www.ti.com/lit/gpn/INA181-Q1},
  year = {2024}
}
@online{ti-ina236-datasheet,
  title = {TI INA236 Datasheet},
  author = {Texas Instruments},
  url = {https://www.ti.com/lit/ds/symlink/ina236.pdf?ts=1706505743290},
  year = {2024}
}

